@misc{openssl,
  title = {{OpenSSL}},
  howpublished = {\url{https://openssl.org/}},
  note = {Accessed: 2016-01-11}
}

@misc{opensslsec,
  title = {{OpenSSL Security Advisories}},
  howpublished = {\url{http://openssl.org/news/secadv/}},
  note = {Accessed: 2016-01-11}
}

@misc{boringssl,
  title = {{BoringSSL}},
  howpublished = {\url{https://boringssl.googlesource.com/}},
  note = {Accessed: 2016-01-11}
}

@misc{libressl,
  title = {{LibreSSL}},
  howpublished = {\url{http://www.libressl.org/}},
  note = {Accessed: 2016-01-11}
}
