@misc{website:openssl,
  title = {{OpenSSL}},
  howpublished = {\url{https://openssl.org/}},
  note = {Accessed: \today}
}

@misc{website:opensslsec,
  title = {{OpenSSL Security Advisories}},
  howpublished = {\url{http://openssl.org/news/secadv/}},
  note = {Accessed: \today}
}

@misc{website:boringssl,
  title = {{BoringSSL}},
  howpublished = {\url{https://boringssl.googlesource.com/}},
  note = {Accessed: \today}
}

@misc{website:libressl,
  title = {{LibreSSL}},
  howpublished = {\url{http://www.libressl.org/}},
  note = {Accessed: \today}
}

@misc{website:versioning,
  title = {{SymbolVersioning -- GCC Wiki}},
  howpublished = {\url{https://gcc.gnu.org/wiki/SymbolVersioning}},
  note = {Accessed: \today}
}

@misc{website:objcopy,
  title = {{objcopy -- GNU Binary Utilities}},
  howpublished = {\url{https://sourceware.org/binutils/docs/binutils/objcopy.html}},
  note = {Accessed: \today}
}

@misc{website:llvmpass,
  title = {{Writing an LLVM Pass -- LLVM 3.9 documentation}},
  howpublished = {\url{http://llvm.org/docs/WritingAnLLVMPass.html}},
  note = {Accessed: \today}
}

@misc{website:howtodso,
  author = {Ulrich Drepper},
  title = {{How To Write Shared Libraries}},
  month = 10,
  year = 2011
}
